@inproceedings{Adams2020UniswapVC,
  title={Uniswap v2 Core},
  author={Hayden Adams and Noah Zinsmeister and Daniel H. Robinson},
  year={2020},
  url={https://api.semanticscholar.org/CorpusID:221835652}
}